<record><leader>00000cas a22000007a 4500</leader><controlfield tag="001">12118861</controlfield><controlfield tag="008">850605u193uuuuualuqr ne      0    0eng d</controlfield><datafield ind1=" " ind2=" " tag="010"><subfield code="a">sn 85044629 </subfield></datafield><datafield ind1=" " ind2=" " tag="040"><subfield code="a">CPN</subfield><subfield code="b">eng</subfield><subfield code="c">CPN</subfield><subfield code="d">OCLCQ</subfield></datafield><datafield ind1=" " ind2=" " tag="042"><subfield code="a">msc</subfield></datafield><datafield ind1="0" ind2="0" tag="245"><subfield code="a">Coffee county vocational farm &amp; home news.</subfield></datafield><datafield ind1="1" ind2="7" tag="246"><subfield code="a">Coffee county vocational farm and home news</subfield></datafield><datafield ind1=" " ind2=" " tag="260"><subfield code="a">Elba, Ala. :</subfield><subfield code="b">Departments of Vocational Agriculture &amp; Home Economics of Elba, Enterprise, New Brockton and Kingston Schools</subfield></datafield><datafield ind1=" " ind2=" " tag="300"><subfield code="a">v. :</subfield><subfield code="b">ill. ;</subfield><subfield code="c">61 cm.</subfield></datafield><datafield ind1=" " ind2=" " tag="310"><subfield code="a">Quarterly</subfield></datafield><datafield ind1=" " ind2=" " tag="588"><subfield code="a">Description based on: Vol. 2, no. 1 (Mar. 1940).</subfield></datafield><datafield ind1=" " ind2=" " tag="752"><subfield code="a">United States</subfield><subfield code="b">Alabama</subfield><subfield code="c">Coffee</subfield><subfield code="d">Elba.</subfield></datafield><datafield ind1="1" ind2=" " tag="029"><subfield code="a">AU@</subfield><subfield code="b">000025828196</subfield></datafield></record>